@article{Leone1961,
  title={The folded normal distribution},
  author={Leone, Fred C and Nelson, Lloyd S and Nottingham, RB},
  journal={Technometrics},
  volume={3},
  number={4},
  pages={543--550},
  year={1961},
  publisher={Taylor \& Francis}
}

@article{marwan2007recurrence,
  title={Recurrence plots for the analysis of complex systems},
  author={Marwan, Norbert and Romano, M Carmen and Thiel, Marco and Kurths, J{\"u}rgen},
  journal={Physics reports},
  volume={438},
  number={5-6},
  pages={237--329},
  year={2007},
  publisher={Elsevier}
}

@article{Antonelli2021,
  title={Spectrum sensing in cognitive radio using recurrence diagrams},
  author={Antonelli, Maximiliano and Moreira, Jorge Casti{\~n}eira and Micco, Luciana De},
  journal={International Journal of Embedded Systems},
  volume={14},
  number={6},
  pages={535--543},
  year={2021},
  publisher={Inderscience Publishers (IEL)}
}

@phdthesis{Yadav2016,
  title={An efficient hardware implementation of an energy detection-based spectral estimator for cognitive radios},
  author={Yadav, Pratik Vijay},
  year={2016},
  school={San Diego State University}
}
@inproceedings{Chen2007,
  title={Spectrum sensing using cyclostationary properties and application to IEEE 802.22 WRAN},
  author={Chen, Hou-Shin and Gao, Wen and Daut, David G},
  booktitle={IEEE GLOBECOM 2007-IEEE Global Telecommunications Conference},
  pages={3133--3138},
  year={2007},
  organization={IEEE}
}
@inproceedings{Bhargavi2010,
  title={Performance comparison of energy, matched-filter and cyclostationarity-based spectrum sensing},
  author={Bhargavi, Deepa and Murthy, Chandra R},
  booktitle={2010 IEEE 11th international workshop on signal processing advances in wireless communications (SPAWC)},
  pages={1--5},
  year={2010},
  organization={IEEE}
}

@article{Zeng2008,
  title={Spectrum-sensing algorithms for cognitive radio based on statistical covariances},
  author={Zeng, Yonghong and Liang, Ying-Chang},
  journal={IEEE transactions on Vehicular Technology},
  volume={58},
  number={4},
  pages={1804--1815},
  year={2008},
  publisher={IEEE}
}

@article{Zeng2009,
  title={Eigenvalue-based spectrum sensing algorithms for cognitive radio},
  author={Zeng, Yonghong and Liang, Y-C},
  journal={IEEE transactions on communications},
  volume={57},
  number={6},
  pages={1784--1793},
  year={2009},
  publisher={IEEE}
}
@article{Plata2012,
  title={Evaluation of energy detection for spectrum sensing based on the dynamic selection of detection-threshold},
  author={Plata, Daniela Mercedes Mart{\'\i}nez and Re{\'a}tiga, {\'A}ngel Gabriel Andrade},
  journal={Procedia Engineering},
  volume={35},
  pages={135--143},
  year={2012},
  publisher={Elsevier}
}

@article{Jin2012,
  title={On the performance of covariance based spectrum sensing for cognitive radio},
  author={Jin, Ming and Li, Youming and Ryu, Heung-Gyoon},
  journal={IEEE transactions on signal processing},
  volume={60},
  number={7},
  pages={3670--3682},
  year={2012},
  publisher={IEEE}
}

@article{Jondral2005,
  title={Software-defined radio—basics and evolution to cognitive radio},
  author={Jondral, Friedrich K},
  journal={EURASIP journal on wireless communications and networking},
  volume={2005},
  number={3},
  pages={652784},
  year={2005},
  publisher={Springer}
}

@article{Brown2005,
title = "Receiver operating characteristics curves and related decision measures: A tutorial",
journal = "Chemometrics and Intelligent Laboratory Systems",
volume = "80",
number = "1",
pages = "24 - 38",
year = "2006",
issn = "0169-7439",
doi = "https://doi.org/10.1016/j.chemolab.2005.05.004",
author = "Christopher D. Brown and Herbert T. Davis",
}

@phdthesis{Mitola2000,
  title={Cognitive radio},
  author={Mitola, Joseph},
  year={2000},
  school={Institutionen f{\"o}r teleinformatik}
}

@article{Li2004,
author = {Li, Xiaoli and Ouyang, Gaoxiang and Yao, Xin and Guan, Xinping},
doi = {10.1016/j.physleta.2004.10.028},
issn = {03759601},
journal = {Physics Letters, Section A: General, Atomic and Solid State Physics},
keywords = {EEG,Epileptic seizure,Prediction,Recurrence quantification analysis},
number = {1-2},
pages = {164--171},
title = {{Dynamical characteristics of pre-epileptic seizures in rats with recurrence quantification analysis}},
volume = {333},
year = {2004}
}

@article{Mehdawi2014,
author = {Mehdawi, M. and Riley, N. G. and Ammar, M. and Fanan, A. and Zolfaghari, M.},
doi = {10.1109/TELFOR.2014.7034403},
isbn = {9781479961900},
journal = {2014 22nd Telecommunications Forum, TELFOR 2014 - Proceedings of Papers},
keywords = {Cognitive Radio,Cyclostationary detectors,Power spectral density,Spectral correlation function},
pages = {272--275},
title = {{Experimental detection using cyclostationary feature detectors for Cognitive Radios}},
year = {2014}
}

@article{Arjoune2019,
author = {Arjoune, Youness and Kaabouch, Naima},
doi = {10.3390/s19010126},
issn = {14248220},
journal = {Sensors (Switzerland)},
keywords = {Cognitive radio,Compressive sensing,Machine learning,Narrowband sensing,Spectrum sensing,Wideband sensing},
number = {1},
title = {{A comprehensive survey on spectrum sensing in cognitive radio networks: Recent advances, new challenges, and future research directions}},
volume = {19},
year = {2019}
}

@article{Tandra2005,
author = {Tandra, Rahul and Sahai, Anant},
doi = {10.1109/WIRLES.2005.1549453},
isbn = {0780393058},
journal = {2005 International Conference on Wireless Networks, Communications and Mobile Computing},
pages = {464--469},
title = {{Fundamental limits on detection in low SNR under noise uncertainty}},
volume = {1},
year = {2005}
}

@inproceedings{cabric2004implementation,
  title={Implementation issues in spectrum sensing for cognitive radios},
  author={Cabric, Danijela and Mishra, Shridhar Mubaraq and Brodersen, Robert W},
  booktitle={Conference Record of the Thirty-Eighth Asilomar Conference on Signals, Systems and Computers, 2004.},
  volume={1},
  pages={772--776},
  year={2004},
  organization={Ieee}
}

@article{sridhara2008spectrum,
  title={Spectrum challenges and solutions by cognitive radio: An overview},
  author={Sridhara, K and Chandra, Ashok and Tripathi, Purnendu SM},
  journal={Wireless Personal Communications},
  volume={45},
  number={3},
  pages={281--291},
  year={2008},
  publisher={Springer}
}

@inproceedings{mehdawi2014experimental,
  title={Experimental detection using cyclostationary feature detectors for Cognitive Radios},
  author={Mehdawi, M and Riley, NG and Ammar, M and Fanan, A and Zolfaghari, M},
  booktitle={2014 22nd Telecommunications Forum Telfor (TELFOR)},
  pages={272--275},
  year={2014},
  organization={IEEE}
}

@ARTICLE{Marwan2007,
  AUTHOR =       {Marwan, N. and Romano, M. C. and Thiel, M. and Kurths, J.},
  TITLE =        {Recurrence plots for the analysis of complex systems},
  JOURNAL =      {Physics Reports},
  YEAR =         {2007},
  volume =       {438},
  number =       {},
  pages =        {237-329},
  month =        {},
  note =         {},
  abstract =     {},
  keywords =     {},
  source =       {},
}

@ARTICLE{Renyi1961,
  AUTHOR =       {Rényi, A.},
  TITLE =        {On Measures of Entropy and Information},
  JOURNAL =      {Proc. Fourth Berkeley Symp. Math. Stat. and Probability},
  YEAR =         {1961},
  volume =       {1},
  number =       {},
  pages =        {547-561},
  month =        {},
  note =         {},
  abstract =     {},
  keywords =     {},
  source =       {Berkeley, CA: University of California Press},
}

@BOOK{Cornfeld1982,
  AUTHOR =       {Cornfeld,P. and Fomin,S. V. and Sinai,Ya. G. },
  editor =       {},
  TITLE =        {Ergodic Theory},
  PUBLISHER =    {Springer New York},
  YEAR =         {1982},
  volume =       {},
  number =       {},
  series =       {},
  address =      {},
  edition =      {},
  month =        {},
  note =         {},
  abstract =     {},
  isbn =         {},
  price =        {},
  keywords =     {},
  source =       {}
}



@ARTICLE{Rosso2002,
  AUTHOR =       {Rosso, O. A.  and  Mairal, M. L.},
  TITLE =        {Characterization of time dynamical evolution of electroencephalographic records},
  JOURNAL =      {Physica A},
  YEAR =         {2002},
  volume =       {312},
  number =       {},
  pages =        {469-504},
  month =        {},
  note =         {},
  abstract =     {},
  keywords =     {},
  source =       {},
}

@ARTICLE{McShea1991,
  AUTHOR =       {McShea, D.},
  TITLE =        {Complexity and Evolution: what everybody knows},
  JOURNAL =      {Biology and Philosophy},
  YEAR =         {1991},
  volume =       {6},
  number =       {3},
  pages =        {303--3024},
  month =        {},
  note =         {},
  abstract =     {},
  keywords =     {},
  source =       {},
}



@ARTICLE{Bennett1987,
  AUTHOR =       {Bennett, C.H.},
  TITLE =        {Emerging Syntheses of Science.},
  JOURNAL =      {Information, Dissipation, and the Definition of Organization.},
  YEAR =         {1987},
  volume =       {},
  number =       {},
  pages =        {},
  month =        {},
  note =         {},
  abstract =     {},
  keywords =     {},
  source =       {},
}



@ARTICLE{Lloyd1988,
  AUTHOR =       {Lloyd, S. and Pagels},
  TITLE =        {Complexity as Thermodynamic Depth},
  JOURNAL =      {Annals of Physics},
  YEAR =         {1988},
  volume =       {},
  number =       {},
  pages =        {},
  month =        {},
  note =         {},
  abstract =     {},
  keywords =     {},
  source =       {},
}


@ARTICLE{Chaitin1966,
  AUTHOR =       {Chaitin, G.J. },
  TITLE =        { On the Length of Programs for Computing Finite Binary Sequences},
  JOURNAL =      {Journal of the Association for Computing Machinery},
  YEAR =         {1966},
  volume =       {13},
  number =       {4},
  pages =        {547--569},
  month =        {},
  note =         {},
  abstract =     {},
  keywords =     {},
  source =       {},
}

@ARTICLE{Kolmogorov1965,
  AUTHOR =       {A. N. Kolmogorov},
  TITLE =        {Problems of Information and Transmission},
  JOURNAL =      {Three approaches to the quantitative definition of information.},
  YEAR =         {1965},
  volume =       {1},
  number =       {1},
  pages =        {1--7},
  month =        {},
  note =         {},
  abstract =     {},
  keywords =     {},
  source =       {},
}


@BOOK{Oliver1971,
  AUTHOR =       {Oliver, Bernard M.},
  editor =       {},
  TITLE =        {Electronic Measurements and Instrumentation},
  PUBLISHER =    {McGraw-Hill Inc.,US},
  YEAR =         {1971},
  volume =       {},
  number =       {},
  series =       {},
  address =      {},
  edition =      {},
  month =        {},
  note =         {},
  abstract =     {The Role of Measuring Instruments in Civilization. Sinusoidal Measurements in Linear Systems. Square Wave and Pulse Testing. Measurements of, with and in the Presence of Noise. Signal Analysis Using Digital Techniques. Frequency and Time Measurements. DC Instrument Amplifiers. Voltage and Current Measurements. Impedance Measurement. Audio Frequency Signal Sources. Oscilloscopes. Recorders. Measurements to Characterize Audio and Video Amplifiers. Radio Frequency Measurements. Microwave Signal Sources. Microwave Signal Analysis. Microwave Network Analysis. Automated Measurement Systems. },
  isbn =         {},
  price =        {},
  keywords =     {},
  source =       {},
}


@ARTICLE{Eckmann1987,
  AUTHOR =       {Eckmann,J. and Oliffson Kamphorst,S. and Ruelle,D. },
  TITLE =        {Recurrence plots of dynamical systems},
  JOURNAL =      {Europhys. Lett.},
  YEAR =         {1987},
  volume =       {4},
  number =       {},
  pages =        {973-977},
  month =        {},
  note =         {},
  abstract =     {},
  keywords =     {},
  source =       {},
}
@BOOK{Sprott2004,
  AUTHOR =       {Sprott, J.  C.},
  TITLE =        {Chaos and Time Series Analysis},
  PUBLISHER =    {Oxford University Press},
  YEAR =         {2004},
  volume =       {},
  number =       {},
  series =       {},
  address =      {},
  edition =      {},
  month =        {},
  note =         {},
  abstract =     {},
  isbn =         {},
  price =        {},
  keywords =     {},
  source =       {},
}
@BOOK{Ott1994,
  AUTHOR =       {Ott, E.  and Sauer, T.  and Yorke, J. A. },
  TITLE =        {Coping with Chaos},
  PUBLISHER =    {Wiley, New York},
  YEAR =         {1994},
  volume =       {},
  number =       {},
  series =       {},
  address =      {},
  edition =      {},
  month =        {},
  note =         {},
  abstract =     {},
  isbn =         {},
  price =        {},
  keywords =     {},
  source =       {},
}

@ARTICLE{Amigo2007b,
  AUTHOR =       {J. \, M. Amig\'o, S. Zambrano, M. \, A. \, F. Sanj\'uan},
  TITLE =        {True and false forbidden patterns in deterministic and random dynamics},
  JOURNAL =      {Europhys. Lett.},
  YEAR =         {2007},
  volume =       {79},
  number =       {},
  pages =        {50001},
  month =        {},
  note =         {},
  abstract =     {},
  keywords =     {},
  source =       {},
}

@ARTICLE{Shiner1999,
  AUTHOR =       { Shiner, S. and Davison, M. and Landsberg, T.},
  TITLE =        {Simple measure for complexity},
  JOURNAL =      {Physical Review E},
  YEAR =         {1999},
  volume =       {59},
  number =       {},
  pages =        {1459-1464},
  month =        {},
  note =         {},
  abstract =     {},
  keywords =     {},
  source =       {},
}
@ARTICLE{Feldman1998,
  AUTHOR =       {Feldman, D. P.  and  Crutchfield, J. P.},
  TITLE =        {Measures of statistical complexity: why?},
  JOURNAL =      {Physics Letters A},
  YEAR =         {1998},
  volume =       {238},
  number =       {},
  pages =        {244-252},
  month =        {},
  note =         {},
  abstract =     {},
  keywords =     {},
  source =       {},
}


@ARTICLE{Rosso2009,
  AUTHOR =       {Rosso, O. A. and De Micco, L. and Larrondo, H. A. and Martin, M. T. and Plastino, A.},
  TITLE =        {Generalized Statistical Complexity Measure: a new tool for dynamical systems},
  JOURNAL =      {submitted to International Journal of Bifurcation and Chaos},
  YEAR =         {2008},
  volume =       {preprint},
  number =       {},
  pages =        {},
  month =        {},
  note =         {},
  abstract =     {},
  keywords =     {},
  source =       {},
}


@ARTICLE{DeMicco2009,
  AUTHOR =       {De Micco, L. and Larrondo, H. A. and Plastino, A. and Rosso, O. A.},
  TITLE =        {Quantifiers for randomness  of chaotic pseudo random number generators},
  JOURNAL =      {arxiv.org/0812.2250v1},
  YEAR =         {2008},
  volume =       {preprint},
  number =       {},
  pages =        {},
  month =        {},
  note =         {},
  abstract =     {},
  keywords =     {},
  source =       {},
}

@ARTICLE{Sharkovskii1964,
  AUTHOR =       {Sharkovskii, A. N.},
  TITLE =        {Coexistence of cycles of a continuous map of a line into itself},
  JOURNAL =      {Ukrainian. Math. J.},
  YEAR =         {1964},
  volume =       {16},
  number =       {},
  pages =        {61-71},
  month =        {},
  note =         {},
  abstract =     {},
  keywords =     {},
  source =       {},
}


@ARTICLE{Morse1938,
  AUTHOR =       {Morse, M.  and Hedlund, G. A. },
  TITLE =        {Symbolic dynamics},
  JOURNAL =      {American Journal of Mathematics},
  YEAR =         {1938},
  volume =       {60},
  number =       {},
  pages =        {815-866},
  month =        {},
  note =         {},
  abstract =     {},
  keywords =     {},
  source =       {},
}




@ARTICLE{hadamard1898,
  AUTHOR =       {Hadamard, J. },
  TITLE =        {Les surfaces à courbures opposées et leurs lignes géodésiques},
  JOURNAL =      {J. Math. Pures et Appl. },
  YEAR =         {1898},
  volume =       {4},
  number =       {},
  pages =        {27-73},
  month =        {},
  note =         {},
  abstract =     {},
  keywords =     {},
  source =       {},
}

@ARTICLE{Takens1981,
  AUTHOR =       {Takens, F.},
  TITLE =        {Detecting Strange Attractors in Turbulence},
  JOURNAL =      {Lecture Notes in Mathematics},
  YEAR =         {1981},
  volume =       {898},
}

@ARTICLE{Whitney1936,
  AUTHOR =       {Whitney, H.},
  TITLE =        {Differentiable manifolds},
  JOURNAL =      {Ann. Math.},
  YEAR =         {1936},
  volume =       {37},
  number =       {},
  pages =        {645},
  month =        {},
  note =         {},
  abstract =     {},
  keywords =     {},
  source =       {},
}

@ARTICLE{Sauer1993,
  AUTHOR =       {Sauer, T. and Yorke, J. A. and Casdagli, M.},
  TITLE =        {Embedology},
  JOURNAL =      {Journal of statistical Physics},
  YEAR =         {1993},
  volume =       {65},
  number =       {},
  pages =        {579},
  month =        {},
  note =         {},
  abstract =     {},
  keywords =     {},
  source =       {},
}

@PHDTHESIS{Gayoso2008,
  AUTHOR =       {Gayoso, C. A.},
  TITLE =        {Generadores de números pseudoaleatorios en aritmética de residuos: teoría e implementación en FPGAs},
  SCHOOL =       {Universidad Nacional de Mar del Plata},
  YEAR =         {2008},
  type =         {},
  address =      {},
  month =        {},
  note =         {},
  abstract =     {},
  keywords =     {},
  source =       {http://www3.fi.mdp.edu.ar/Gayoso/tesis.html},
}


@ARTICLE{Wackerbauer1994,
  AUTHOR =       {Wackerbauer, R.  and Witt, A.  and Atmanspacher, H.  and Kurths, J.  and
Scheingraber, H.},
  TITLE =        {A comparative classification of complexity measures},
  JOURNAL =      {Chaos, Solitons, Fractals},
  YEAR =         {1994},
  volume =       {4},
  number =       {},
  pages =        {133-173},
  month =        {},
  note =         {},
  abstract =     {},
  keywords =     {},
  source =       {},
}

@ARTICLE{Crutchfield1983,
  AUTHOR =       {Crutchfield, J. P. and Packard, N. H.},
  TITLE =        {Symbolic dynamics of noisy chaos},
  JOURNAL =      {Physica D},
  YEAR =         {1983},
  volume =       {7},
  number =       {},
  pages =        {201-223},
  month =        {},
  note =         {},
  abstract =     {},
  keywords =     {},
  source =       {},
}

@ARTICLE{Fernandez2003,
  AUTHOR =       {Fern\'andez, J. G. and Larrondo, H. A. and Slavin, H. A. and Levin, D. G. and Hidalgo, R. M. and Rivera, R. R},
  TITLE =        {Masking properties of APD communication systems},
  JOURNAL =      {Physica A},
  YEAR =         {2003},
  volume =       {328},
  number =       {},
  pages =        {351-359},
  month =        {},
  note =         {},
  abstract =     {},
  keywords =     {},
  source =       {},
}

@ARTICLE{Ecuyer1994,
  AUTHOR =       {L'Ecuyer, P. },
  TITLE  =        {Uniform Random Number Generation},
  JOURNAL =      {Annals of Operations Research},
  volume = {53},
  YEAR =         {1994},
  number =       {},
  pages =        {77-120},
}

@ARTICLE{Stojanovski2001,
 author={Stojanovski, T. and Kocarev,L. },
 title={Chaos-Based Random Number Generators - Part I: Analysis},
 journal={IEEE Transactions on Circuits and Systems I: Fundamental Theory and Applications},
 volume={48},
 number = {3},
 year={2001},
 pages={281-288},
 month = {Marzo},
}

@ARTICLE{Stojanovski2001b,
 author={Stojanovski, T. and  Pihl, J. and Kocarev},
 title={Chaos-Based Random Number Generators - Part II: Practical Realization},
 journal={IEEE Transactions on Circuits and Systems I: Fundamental Theory and Applications},
 volume={48},
 number = {3},
 year={2001},
 pages={382-386},
 month = {March},
}

@ARTICLE{Kocarev2003,
 author={Kocarev, L. and Jakimoski,G. },
 title={Pseudorandom Bits Generated by Chaotic Maps.},
 journal={IEEE Transactions on Circuits and Systems I: Fundamental Theory and Applications},
 volume={50},
 number = {1},
 year={2003},
 pages={123-126},
 month = {Enero},
}

@ARTICLE{Brown1996,
  AUTHOR =       {Brown, R. and Chua, L.O.},
  TITLE =        {Clarifying chaos: examples and counterexamples},
  JOURNAL =      {IJBC},
  YEAR =         {1996},
  volume =       {6},
  number =       {2},
  pages =        {219--249},
  month =        {Feb},
  note =         {},
  abstract =     {},
  keywords =     {},
  source =       {},
}


@ARTICLE{Kocarev1995,
  AUTHOR =       {Kocarev, L. and Parlitz, U. },
  TITLE =        {General Approach for Chaotic Synchronization with Applications to Communication},
  JOURNAL =      {Physical Review Letters},
  YEAR =         {1995},
  volume =       {74},
  number =       {25},
  pages =        {5028-5031},
  month =        {},
  note =         {},
  abstract =     {},
  keywords =     {},
  source =       {},
}

@ARTICLE{Shannon1949,
  AUTHOR =       {Shannon,C. E. and Weaver, W.},
  TITLE =        {The Mathematical Theory of Communication.},
  JOURNAL =      {Urbana, Illinois: University of Illinois Press},
  YEAR =         {1949},
  volume =       {},
  number =       {},
  pages =        {},
  month =        {},
  note =         {},
  abstract =     {},
  keywords =     {},
  source =       {},
}


@ARTICLE{Shannon1948,
  AUTHOR =       {Shannon,C. E.},
  TITLE =        {A mathematical theory of communication},
  JOURNAL =      {Bell System Technical Journal},
  YEAR =         {1948},
  volume =       {27},
  number =       {},
  pages =        {379-423 y 623-656.},
  month =        {},
  note =         {},
  abstract =     {},
  keywords =     {},
  source =       {}
}


@ARTICLE{Rosso2007B,
  AUTHOR =       {Rosso, O. A.  and Zunino, L.  and P\'erez, D. G.  and Figliola, A.  and Larrondo, H. A. and Garavaglia,  M. and  Mart\'{\i}n M. T. and Plastino,  A. },
  TITLE =        {Extracting features of Gaussian selfsimilar stochastic processes via the Bandt \& Pompe approach},
  JOURNAL =      {Phys. Rev. E},
  YEAR =         {2007},
  volume =       {76},
  number =       {6},
  pages =        {061114},
  month =        {},
  note =         {},
  abstract =     {},
  keywords =     {},
  source =       {}
}

@ARTICLE{Rosso2007C,
  AUTHOR =       {Rosso,O. A. and Larrondo,H. A. and  Martin,M. T. and Plastino, A. and  Fuentes,M. A.},
  TITLE =        {Distinguishing noise from chaos},
  JOURNAL =      {Phys. Rev. Lett.},
  YEAR =         {2007},
  volume =       {99},
  number =       {},
  pages =        {154102-154106},
  month =        {},
  note =         {},
  abstract =     {},
  keywords =     {},
  source =       {}
}
@ARTICLE{Rosso2008,
  AUTHOR =       {Rosso,O. A. and  Vicente, R. and Mirasso,C.R.},
  TITLE =        {Encryption test of pseudo-aleatory messages embedded on chaotic laser signals: an Information Theory approach},
  JOURNAL =      {Phys. Lett. A},
  YEAR =         {2008},
  volume =       {372},
  number =       {},
  pages =        {1018-1023},
  month =        {},
  note =         {},
  abstract =     {},
  keywords =     {},
  source =       {}
}

@ARTICLE{Keller2003,
  AUTHOR =       {Keller,K. and Lauffer,H.},
  TITLE =        {Symbolic Analysis of High-Dimensional Time Series},
  JOURNAL =      {Int. J. Bifurcation and Chaos },
  YEAR =         {2003},
  volume =       {13},
  number =       {},
  pages =        {2657-2668},
  month =        {},
  note =         {},
  abstract =     {},
  keywords =     {},
  source =       {}
}

@ARTICLE{Larrondo2005,
  AUTHOR =       {Larrondo,H. A. and  Gonz\'alez,C. M. and  Martin,M. T. and  Plastino,A. and  Rosso,O. A.},
  TITLE =        {Intensive statistical complexity measure of pseudorandom number generators.},
  JOURNAL =      {Physica A},
  YEAR =         {2005},
  volume =       {356},
  number =       {},
  pages =        {133-138},
  month =        {},
  note =         {},
  abstract =     {},
  keywords =     {},
  source =       {}
}

@ARTICLE{Jessa1993,
  AUTHOR =       {Jessa,M.},
  TITLE =        {The period of sequences generated by tent-like maps},
  JOURNAL =      {IEEE Trans. on Circuits and Systems I: Fundamental theory and Applications},
  YEAR =         {2002},
  volume =       {49},
  number =       {},
  pages =        {84-89},
  month =        {},
  note =         {},
  abstract =     {},
  keywords =     {},
  source =       {}
}

@ARTICLE{Beck1987,
  AUTHOR =       {Beck,C. and  R\"{o}pstorff,G. },
  TITLE =        {Effects of phase space discretizacion on the long-time behavior of dynamical systems},
  JOURNAL =      {Physica D},
  YEAR =         {1987},
  volume =       {25},
  number =       {},
  pages =        {173-180},
  month =        {},
  note =         {},
  abstract =     {},
  keywords =     {},
  source =       {}
}

@PHDTHESIS{Martin2004,
  AUTHOR =       {Martin,M. T.},
  TITLE =        {Ph.D. Thesis, Department of Mathematics, },
  SCHOOL =       {Faculty of Sciences, University of La Plata},
  YEAR =         {2004},
  type =         {},
  address =      {},
  month =        {},
  note =         {},
  abstract =     {},
  keywords =     {},
  source =       {}
}

@ARTICLE{Mischaikow1999,
  AUTHOR =       {Mischaikow,K. and Mrozek,M. and Reiss,J. and Szymczak,A. },
  TITLE =        {Construction of symbolic dynamics from experimental time series},
  JOURNAL =      {Phys. Rev. Lett.},
  YEAR =         {1999},
  volume =       {82},
  number =       {},
  pages =        {1114-1147},
  month =        {},
  note =         {},
  abstract =     {},
  keywords =     {},
  source =       {}
}

@ARTICLE{Powell1979,
  AUTHOR =       {Powell,G. E. and Percival,I. C. },
  TITLE =        {A spectral entropy method for distinguishing regular and irregular motion of hamiltonian systems},
  JOURNAL =      {J. Phys. A: Math. Gen.},
  YEAR =         {1979},
  volume =       {12},
  number =       {},
  pages =        {2053-2071},
  month =        {},
  note =         {},
  abstract =     {},
  keywords =     {},
  source =       {}
}

@ARTICLE{Blanco1998,
  AUTHOR =       {Blanco,S. and Figliola, A. and  Quian Quiroga,R. and  Rosso,O. A. and  Serrano,E.},
  TITLE =        {Time-frequency analysis of electroencephalogram series (III): Wavelet Packets and Information Cost Function},
  JOURNAL =      {Phys. Rev. E},
  YEAR =         {1998},
  volume =       {57},
  number =       {},
  pages =        {932-940.},
  month =        {},
  note =         {},
  abstract =     {},
  keywords =     {},
  source =       {}
}

@ARTICLE{Rosso2001,
  AUTHOR =       {Rosso,O. A. and  Blanco,S. and  Jordanova,J. and Kolev,V. and  Figliola,A. and  Sch\"urmann,M. and  Ba\c{s}ar,E.},
  TITLE =        {Wavelet Entropy: a new tool for analysis of short duration brain electrical signals},
  JOURNAL =      {Journal of Neuroscience Methods},
  YEAR =         {2001},
  volume =       {105},
  number =       {},
  pages =        {65-75},
  month =        {},
  note =         {},
  abstract =     {},
  keywords =     {},
  source =       {}
}



@BOOK{Lasota1994,
  AUTHOR =       {Lasota,A. and  Mackey,M. C.},
  editor =       {},
  TITLE =        {Chaos, Fractals, and Noise: Stochastic Aspects of Dynamics. },
  PUBLISHER =    {Springer Verlag},
  YEAR =         {1994},
  volume =       {},
  number =       {},
  series =       {Applied Mathematical Sciences 97},
  address =      {},
  edition =      {2nd. Edition.},
  month =        {},
  note =         {},
  abstract =     {},
  isbn =         {},
  price =        {},
  keywords =     {},
  source =       {}
}



@ARTICLE{Keller2005,
  AUTHOR =       {Keller,K. and Sinn,M.},
  TITLE =        {Ordinal analysis of time series},
  JOURNAL =      {Physica A },
  YEAR =         {2005},
  volume =       {356},
  number =       {},
  pages =        {114-120},
  month =        {},
  note =         {},
  abstract =     {},
  keywords =     {},
  source =       {}
}


@ARTICLE{Amigo2007,
  AUTHOR =       {Amig\'{o},J. M. and Kocarev, L. and Tomovski,I.},
  TITLE =        {Discrete Entropy},
  JOURNAL =      {Physica D},
  YEAR =         {2007},
  volume =       {228},
  number =       {},
  pages =        {77-85.},
  month =        {},
  note =         {},
  abstract =     {},
  keywords =     {},
  source =       {}
}


@ARTICLE{Lasota1973,
  AUTHOR =       {Lasota,A. and  Yorke,J. A. },
  TITLE =        {On the existence of invariant measure for piecewise monotonic transformations},
  JOURNAL =      {Trans. Amer. Math. Soc.},
  YEAR =         {1973},
  volume =       {186},
  number =       {},
  pages =        {481-488},
  month =        {},
  note =         {},
  abstract =     {},
  keywords =     {},
  source =       {},
}



@ARTICLE{Ding1996,
  AUTHOR =       {Ding,J. and  Zhou,A.},
  TITLE =        {Finite approximations of Frobenius-Perron operators. A solution to Ulam's conjecture to multi-dimensional transformations},
  JOURNAL =      {Physica D},
  YEAR =         {1996},
  volume =       {92},
  number =       {},
  pages =        {61-68},
  month =        {},
  note =         {},
  abstract =     {},
  keywords =     {},
  source =       {},
}





@BOOK{Beck1997,
  AUTHOR =       {Beck,C. and  Schl\"{o}gl,F.},
  TITLE =        {Thermodynamics of chaotic systems: an introduction.},
  PUBLISHER =    {Cambridge University Press},
  YEAR =         {1997},
  volume =       {},
  number =       {},
  series =       {},
  address =      {},
  edition =      {},
  month =        {},
  note =         {},
  abstract =     {},
  isbn =         {},
  price =        {},
  keywords =     {},
  source =       {},
}





@ARTICLE{Dinan1998,
  AUTHOR =       {Dinan,E. H. and  Jabbari,B.},
  TITLE =        {Spreading codes for direct sequence CDMA and wideband CDMA cellular networks},
  JOURNAL =      {IEEE Communications Magazine},
  YEAR =         {1998},
  volume =       {36},
  number =       {9},
  pages =        {48-54},
  month =        {September},
  note =         {},
  abstract =     {Summary: This article presents an overview of the spreading
techniques for use in direct sequence CDMA cellular networks. We
review the theoretical background for sequences used in CDMA and
wideband CDMA, and discuss the main characteristics of the maximal
le.....},
  keywords =     {},
  source =       {},
  doi={10.1109/35.714616}
}

@ARTICLE{Welch1974,
  AUTHOR =       {Welch,L. P.},
  TITLE =        {Lower bounds on the maximum cross correlation of signals},
  JOURNAL =      {IEEE. Trans. Inform. Theory},
  YEAR =         {1974},
  volume =       {20},
  number =       {3},
  pages =        {397-399},
  month =        {},
  note =         {},
  abstract =     {},
  keywords =     {},
  source =       {},
}

@ARTICLE{Sarwate1980,
  AUTHOR =       {Sarwate,D. V. and Pursley,M. B.},
  TITLE =        {Crosscorrelation properties of pseudo-random and related sequences},
  JOURNAL =      {Proc. of the IEEE.},
  YEAR =         {1980},
  volume =       {68},
  number =       {5},
  pages =        {593-619},
  month =        {},
  note =         {},
  abstract =     {},
  keywords =     {},
  source =       {},
} @ARTICLE{Pursley1977,
  AUTHOR =       {Pursley,M. B.},
  TITLE =        {Performance evaluation for phase coded spread spectrum multiple access communication, part I: System Analysis},
  JOURNAL =      {IEEE Transactions on Communications},
  YEAR =         {1977},
  volume =       {COM-25},
  number =       {8},
  pages =        {795-799},
  month =        {},
  note =         {},
  abstract =     {paper viejo que mide calidad de ss asincr\'onico codificado en fase},
  keywords =     {},
  source =       {},
  }


@ARTICLE{Mazzini1997a,
  AUTHOR =       {Mazzini,G. and  Setti,G. and  Rovatti,R.},
  TITLE =        {Chaotic Complex Spreading Sequences for Aynhchronous DS-CDMA-Part 1: System Modeling and Results},
  JOURNAL =      {IEEE Trans. Circuits Sys. 1},
  YEAR =         {1997},
  volume =       {44},
  number =       {10},
  pages =        {937-947},
  month =        {},
  note =         {},
  abstract =     {CDMA},
  keywords =     {CDMA},
  source =       {},
}

@ARTICLE{Sanchez1998,
  AUTHOR =       {Sanchez,J. R. and  Family,F. and  Arizmendi,C. M.},
  TITLE =        {Complexity of thermal ratchet motion},
  JOURNAL =      {Phys. Lett. A},
  YEAR =         {1998},
  volume =       {249},
  number =       {},
  pages =        {281-285},
  month =        {},
  note =         {},
  abstract =     {},
  keywords =     {zip},
  source =       {},
}

@ARTICLE{Ziv1976,
  AUTHOR =       {Ziv,J. and Lempel,A.},
  TITLE =        {On the complexity of finite sequences},
  JOURNAL =      {IEEE Trans. Inf. Theory},
  YEAR =         {1976},
  volume =       {22},
  number =       {},
  pages =        {75-81},
  month =        {},
  note =         {},
  abstract =     {},
  keywords =     {},
  source =       {},
}



@BOOK{Wold1938,
  AUTHOR =       {Wold,H.},
  TITLE =        {A Study in the Analysis of Stationary Time Series},
  PUBLISHER =    {Ph D. dissertation, University of Stokholm},
  YEAR =         {1938},
  volume =       {},
  number =       {},
  series =       {},
  address =      {},
  edition =      {},
  month =        {},
  note =         {},
  abstract =     {},
  isbn =         {},
  price =        {},
  keywords =     {},
  source =       {},
  }

@ARTICLE{Kurths1987,
  AUTHOR =       {Kurths,J. and  Herzel,H.},
  TITLE =        {An attractor in a solar time series},
  JOURNAL =      {Physica D},
  YEAR =         {1987},
  volume =       {25},
  number =       {},
  pages =        {165-172},
  month =        {},
  note =         {},
  abstract =     {},
  keywords =     {},
  source =       {},
}

@ARTICLE{Lopez1995,
  AUTHOR =       {L\'{o}pez-Ruiz,R. and  Mancini,H. L. and Calbet,X.},
  TITLE =        {A statistical measure of complexity},
  JOURNAL =      {Phys. Lett. A},
  YEAR =         {1995},
  volume =       {209},
  number =       {},
  pages =        {321-326},
  month =        {},
  note =         {},
  abstract =     {},
  keywords =     {},
  source =       {}
}

@ARTICLE{Martin2003,
  AUTHOR =       {Mart\'{\i}n,M. T. and  Plastino,A. and  Rosso,O. A.},
  TITLE =        {Statistical complexity and disequilibrium},
  JOURNAL =      {Phys. Lett. A},
  YEAR =         {2003},
  volume =       {311},
  number =       {},
  pages =        {126-132},
  month =        {},
  note =         {},
  abstract =     {},
  keywords =     {},
  source =       {}
} @ARTICLE{Martin2006,
  AUTHOR =       {Mart\'{\i}n,M. T. and Plastino,A.},
  TITLE =        {Generalized statistical complexity measures: Geometrical and analytical properties},
  JOURNAL =      {Physica A},
  YEAR =         {2006},
  volume =       {369},
  number =       {},
  pages =        {439-462},
  month =        {},
  note =         {},
  abstract =     {},
  keywords =     {},
  source =       {},
}



@ARTICLE{Lamberti2004,
  AUTHOR =       {Lamberti,P. W. and  Mart\'{\i}n,M. T. and Plastino, A. and Rosso,O. A.},
  TITLE =        {Intensive entropic non-triviality measure},
  JOURNAL =      {Physica A},
  YEAR =         {2004},
  volume =       {334},
  number =       {},
  pages =        {119-131},
  month =        {},
  note =         {},
  abstract =     {},
  keywords =     {},
  source =       {}
}


@ARTICLE{Pompe2002,
  AUTHOR =       {Bandt,C. and  Pompe,B.},
  TITLE =        {Permutation Entropy: a Natural Complexity Measure for Time Series},
  JOURNAL =      {Phys. Rev. Lett.},
  YEAR =         {2002},
  volume =       {88},
  number =       {},
  pages =        {174102-1},
  month =        {},
  note =         {},
  abstract =     {},
  keywords =     {},
  source =       {}
}


@ARTICLE{Plastino1996,
  AUTHOR =       {Plastino,A. R. and  Plastino,A.},
  TITLE =        {Symmetries of the Fokker-Planck equation and the Fisher-Frieden arrow of time},
  JOURNAL =      {Phys. Rev. E},
  YEAR =         {1996},
  volume =       {54},
  number =       {},
  pages =        {},
  month =        {},
  note =         {},
  abstract =     {},
  keywords =     {},
  source =       {},
}

@ARTICLE{Calbet2001,
  AUTHOR =       {Calbet, R. L\'{o}pez-Ruiz},
  TITLE =        {Tendency towards maximum complexity in a nonequilibrium isolated system},
  JOURNAL =      {Phys. Rev. E},
  YEAR =         {2001},
  volume =       {63},
  number =       {},
  pages =        {066116},
  month =        {},
  note =         {},
  abstract =     {},
  keywords =     {},
  source =       {},
} @ARTICLE{Kowalski2003,
  AUTHOR =       {Kowalski,A. M. and  Martin,M. T. and  Plastino,A. and  Proto,A. N. and  Rosso,O. A.},
  TITLE =        {},
  JOURNAL =      {Phys. Lett. A},
  YEAR =         {2003},
  volume =       {311},
  number =       {},
  pages =        {180},
  month =        {},
  note =         {},
  abstract =     {},
  keywords =     {},
  source =       {}
}

@ARTICLE{Kowalski2005,
  AUTHOR =       {Kowalski,A. M. and   Mart\'{\i}n,M. T. and Plastino,A. and Rosso,O. A. },
  TITLE =        {Entropic Non-Triviality, The Classical Limit And Geometry-Dynamics Correlations},
  JOURNAL =      {Int. J. Mod. Phys. B },
  YEAR =         {2005},
  volume =       {19},
  number =       {},
  pages =        {2273},
  month =        {},
  note =         {},
  abstract =     {},
  keywords =     {},
  source =       {},
}

@ARTICLE{Kowalski2007,
  AUTHOR =       {Kowalski,A. M. and Mart\'{\i}n, M. T. and  Plastino,A. and  Rosso,O. A.},
  TITLE =        {Bandt-Pompe approach to the classical-quantum transition},
  JOURNAL =      {Physica D },
  YEAR =         {2007},
  volume =       {233},
  number =       {},
  pages =        {21-31},
  month =        {},
  note =         {},
  abstract =     {},
  keywords =     {},
  source =       {},
}


@ARTICLE{Zunino2008,
  AUTHOR =       {Zunino,L. and  P\'erez,D.G. and Mart\'{\i}n, M. T. and Garavaglia,M. and Plastino,A. and Rosso,O. A.},
  TITLE =        {Permutation entropy of fractional Brownian motion and fractional Gaussian noise },
  JOURNAL =      {Physics Letters A},
  YEAR =         {2008},
  volume =       {372},
  number =       {27-28},
  pages =        {4768-4774},
  month =        {June},
  note =         {},
  abstract =     {},
  keywords =     {},
  source =       {},
}

@ARTICLE{Zunino2007A,
  AUTHOR =       {Zunino,L. and P\'erez,D.G. and Mart\'{\i}n,M. T. and Plastino,A. and Garavaglia,M. and Rosso,O. A.},
  TITLE =        {Characterization of Gaussian self-similar stochastic processes using wavelet-based informational tools},
  JOURNAL =      {Phys. Rev. E},
  YEAR =         {2007},
  volume =       {75},
  number =       {},
  pages =        {021115},
  month =        {},
  note =         {},
  abstract =     {},
  keywords =     {},
  source =       {},
}

@BOOK{Schuster1988,
  AUTHOR =       {Schuster,H. G.},
  TITLE =        {Deterministic Chaos},
  PUBLISHER =    {},
  YEAR =         {1988},
  volume =       {},
  number =       {},
  series =       {},
  address =      {},
  edition =      {2nd},
  month =        {},
  note =         {},
  abstract =     {},
  isbn =         {},
  price =        {},
  keywords =     {},
  source =       {},
}

@ARTICLE{Bandt2005,
  AUTHOR =       {Bandt,C. and Shiha,F.},
  TITLE =        {Order Patterns in Time Series},
  JOURNAL =      {Journal of Time Series Analysis },
  YEAR =         {2007},
  volume =       {28},
  number =       {},
  pages =        {646-665},
  month =        {},
  note =         {},
  abstract =     {},
  keywords =     {},
  source =       {},
} @ARTICLE{Davies1987,
  AUTHOR =       {Davies,R. B. and Harte,D. S.},
  TITLE =        {Tests for Hurst effect},
  JOURNAL =      {Biometrika},
  YEAR =         {1987},
  volume =       {74},
  number =       {},
  pages =        {95},
  month =        {},
  note =         {},
  abstract =     {},
  keywords =     {},
  source =       {},
}

@ARTICLE{Wood1994,
  AUTHOR =       {Wood,A. T. A. and Chan,G.},
  TITLE =        {Simulation of stationary Gaussian vector fields},
  JOURNAL =      {J. Comput. Graph. Stat.},
  YEAR =         {1994},
  volume =       {3},
  number =       {},
  pages =        {409-432},
  month =        {},
  note =         {},
  abstract =     {},
  keywords =     {},
  source =       {},
}


@ARTICLE{Bandt2002a,
  AUTHOR =       {Bandt,C. and Pompe,B.},
  TITLE =        {Permutation Entropy: a Natural Complexity Measure for Time Series},
  JOURNAL =      {Phys. Rev. Lett.},
  YEAR =         {2002},
  volume =       {88},
  number =       {},
  pages =        {174102-1},
  month =        {},
  note =         {},
  abstract =     {},
  keywords =     {},
  source =       {},
}

@ARTICLE{Bandt2002b,
  AUTHOR =       {Bandt et al.},
  TITLE =        {},
  JOURNAL =      {Nonlinearity},
  YEAR =         {2002},
  volume =       {15},
  number =       {},
  pages =        {1595},
  month =        {},
  note =         {},
  abstract =     {},
  keywords =     {},
  source =       {},
}

@ARTICLE{Amigo2005,
  AUTHOR =       {Amig\'o et al.},
  TITLE =        {},
  JOURNAL =      {Physica D},
  YEAR =         {2005},
  volume =       {210},
  number =       {},
  pages =        {77},
  month =        {},
  note =         {},
  abstract =     {},
  keywords =     {},
  source =       {},
}

@BOOK{Li1997,
  AUTHOR =       {Li,M. and Vit\'anyi,P. },
  editor =       {D. Gries, F. B. Schneider},
  TITLE =        {An introduction to kolmogorov complexity and its applications},
  PUBLISHER =    {Springer},
  YEAR =         {1997},
  volume =       {},
  number =       {},
  series =       {},
  address =      {},
  edition =      {},
  month =        {},
  note =         {},
  abstract =     {},
  isbn =         {\text{0-387-94868-6}},
  price =        {},
  keywords =     {},
  source =       {},
}


@ARTICLE{Zanin2008,
  AUTHOR =       {Zanin,M.},
  TITLE =        {Forbidden patterns in financial time series},
  JOURNAL =      {Chaos},
  YEAR =         {2008},
  volume =       {18},
  number =       {},
  pages =        {013119/1-4},
  month =        {Marzo},
  note =         {},
  abstract =     {},
  keywords =     {},
  source =       {},
}



@ARTICLE{Feldman2008,
  AUTHOR =       {Feldman,D. P. and McTague,C. S. and Crutchfield,P.},
  TITLE =        {The organization of intrinsic omputation: complexity-entropy diagrams and the diversity of natural information processing},
  JOURNAL =      {arxiv.org:0866.4789[nlin.CD]},
  YEAR =         {2008},
  volume =       {},
  number =       {},
  pages =        {1-18},
  month =        {junio},
  note =         {},
  abstract =     {},
  keywords =     {plano entrop\'ia complejidad},
  source =       {},
} @ARTICLE{Lorenz1963,
  AUTHOR =       {Lorenz,E. N.},
  TITLE =        {Deterministic non periodic flow},
  JOURNAL =      {Journal of the Atmospheric Sciences},
  YEAR =         {1963},
  volume =       {20},
  number =       {},
  pages =        {130 - 141},
  month =        {},
  note =         {},
  abstract =     {},
  keywords =     {},
  source =       {},
}

@ARTICLE{Feigenbaum1988,
  AUTHOR =       {Feigenbaum, M. J.},
  TITLE =        {Presentation functions and scaling function theory for circle maps},
  JOURNAL =      {Nonlinearity},
  YEAR =         {1988},
  volume =       {1},
  number =       {},
  pages =        {577-602},
  month =        {},
  note =         {},
  abstract =     {},
  keywords =     {},
  source =       {},
}



@ARTICLE{Rahardja2003,
  AUTHOR =       {Rahardja,S. and Ser,W. and Lin,Z. },
  TITLE =        {UCHT-based complex sequences for asynchronous CDMA system},
  JOURNAL =      {IEEE Transactions on Communications},
  YEAR =         {2003},
  volume =       {51},
  number =       {4},
  pages =        {618-626},
  month =        {Abril},
  note =         {},
  abstract =     {},
  keywords =     {CDMA},
  source =       {},
}



@ARTICLE{Kolumban2000,
  AUTHOR =       {Kolumb\'an,G.},
  TITLE =        {Theoretical noise performance of correlator-based chaotic communications schemes},
  JOURNAL =      {IEEE Transactions on Circuits and Systems I: Fundamental Theory and Applications},
  YEAR =         {2000},
  volume =       {47},
  number =       {12},
  pages =        {1691-1701},
  month =        {Diciembre},
  note =         {},
  abstract =     {},
  keywords =     {CDMA},
  source =       {},
}

@ARTICLE{Pingel1999,
  AUTHOR =       {Pingel,D. and Schmelcher,P.},
  TITLE =        {Theory and examples of the inverse Frobenius-Perron problem for complete chaotic maps},
  JOURNAL =      {Chaos},
  YEAR =         {1999},
  volume =       {9},
  number =       {3},
  pages =        {357-366},
  month =        {},
  note =         {},
  abstract =     {},
  keywords =     {mapas con una dada IM},
  source =       {},
}

@ARTICLE{Rogers2004,
  AUTHOR =       {Rogers,A. and Shorten,R. and Heffernan,D. M.},
  TITLE =        {Synthesizing Chaotic Maps with prescribed invariant densities},
  JOURNAL =      {Physics Letters A},
  YEAR =         {2004},
  volume =       {330},
  number =       {6},
  pages =        {435-441},
  month =        {},
  note =         {},
  abstract =     {},
  keywords =     {mapas con una dada IM},
  source =       {},
}

@INPROCEEDINGS{Shan2006,
  AUTHOR =       {Shan,X. and Xia,Y. and Ren,Y. and Yuan,J.},
  TITLE =        {Spatiotemporal chaotic spreading sequences for CDMA communications},
  BOOKTITLE =    {Communication Technology Proceedings},
  YEAR =         {2006},
  editor =       {},
  volume =       {1},
  number =       {},
  series =       {},
  pages =        {530-535},
  address =      {},
  month =        {Agosto},
  organization = {},
  publisher =    {},
  note =         {},
  abstract =     {},
  keywords =     {secuencias PN ca\'oticas con caos espaciotemporal},
}

@ARTICLE{Binder1986,
  AUTHOR =       {Binder,P. M. and Jensen,R. V. },
  TITLE =        {Simulating chaotic behavior with finite-state machines},
  JOURNAL =      {Physical Review A},
  YEAR =         {1986},
  volume =       {34},
  number =       {5},
  pages =        {4460-4463},
  month =        {},
  note =         {},
  abstract =     {},
  keywords =     {caos discreto},
  source =       {},
}

@ARTICLE{Umeno1999,
  AUTHOR =       {Umeno,K. and Kitayama,K. },
  TITLE =        {Spreading sequences using periodic orbits of chaos for CDMA},
  JOURNAL =      {Electronics Letters},
  YEAR =         {1999},
  volume =       {35},
  number =       {7},
  pages =        {545-546},
  month =        {april},
  note =         {},
  abstract =     {},
  keywords =     {cdma},
  source =       {},
}

@ARTICLE{Carrica2001,
  AUTHOR =       {Carrica,D. and Benedetti,M. and Petrocelli,R. },
  TITLE =        {Random sampling applied to the measurement of a DC signal immersed in noise},
  JOURNAL =      {IEEE Transactions on Instrumentation and Measurement},
  YEAR =         {2001},
  volume =       {50},
  number =       {5},
  pages =        {1319-1323},
  month =        {Octubre},
  note =         {},
  abstract =     {},
  keywords =     {muestreo aleatorio},
  source =       {},
  }

@ARTICLE{Setti2004,
  AUTHOR =       {Setti,G. and Rovatti,R. and Mazzini,G.},
  TITLE =        {Performance of chaos-based asynchronous DS-CDMA with different pulse shapes},
  JOURNAL =      {IEEE Communications Letters},
  YEAR =         {2004},
  volume =       {8},
  number =       {7},
  pages =        {416-418},
  month =        {Julio},
  note =         {},
  abstract =     {},
  keywords =     {cdma},
  source =       {},
  }

@ARTICLE{Sushchik2000,
  AUTHOR =       {Sushchik,M. and Tsimring,L. S. and Volkovskii,A. R.},
  TITLE =        {Performance analysis of correlation-based communication schemes utilizing chaos},
  JOURNAL =      {IEEE Transactions on Circuits and Systems I: Fundamental Theory and Applications},
  YEAR =         {2000},
  volume =       {47},
  number =       {12},
  pages =        {1684-1691},
  month =        {Diciembre},
  note =         {},
  abstract =     {Using chaotic signals in spread-spectrum communications has a few clear advantages over traditional approaches. Chaotic signals are nonperiodic, wideband, and more difficult to predict,reconstruct, and characterize than periodic carriers. These properties of chaotic signals make it more difficult to intercept and decode the information modulated upon them. However, many suggested chaos-based communication schemes do not provide processing gain, a feature highly desirable in spread-spectrum communication schemes. In this paper, we suggest two communication schemes that provide a processing gain. The performance of these and of the earlier proposed differential chaos shift keying is studied analytically and numerically for discrete time implementations. It is shown that, when performance is characterized by the dependence of bit error rate on Eb/N0, the increase of the spreading sequence length beyond a certain point degrades the performance. For a given Eb/N0, there is a length of the spreading sequence that minimizes the bit error rate},
  keywords =     {cdma},
  source =       {},
  }


@ARTICLE{Ebeling2001,
  AUTHOR =       {Ebeling,W. and Steuer,R. },
  TITLE =        {Partition-based entropies of deterministic and stochastic maps},
  JOURNAL =      {Stochastics and Dynamics},
  YEAR =         {2001},
  volume =       {1},
  number =       {1},
  pages =        {1-17},
  month =        {},
  note =         {},
  abstract =     {},
  keywords =     {entropias y dinamica simbolica},
  source =       {},
}

@ARTICLE{Gammel1998,
  AUTHOR =       {Gammel,B. M.},
  TITLE =        {Hurst's rescaled range statistical analysis for pseudorandom number generators
   used in physical simulations},
  JOURNAL =      {Physical Review E},
  YEAR =         {1998},
  volume =       {58},
  number =       {2},
  pages =        {2586-2597},
  month =        {},
  note =         {},
  abstract =     {},
  keywords =     {cuantificadores estad\'isticos de aleatoreidad},
  source =       {},
}


@INPROCEEDINGS{Mazzini2000,
  AUTHOR =       {Mazzini,G. and Rovatti,R. and Setti,G.},
  TITLE =        {Non-average performance of chaos-based DS-CDMA:
   driving optimization towards exploitable maps},
  BOOKTITLE =    {Proceedings of ISCAS'00},
  YEAR =         {2000},
  editor =       {},
  volume =       {},
  number =       {},
  series =       {},
  pages =        {I-723-726},
  address =      {},
  month =        {},
  organization = {IEEE Circuits and Systems Society},
  publisher =    {},
  note =         {},
  abstract =     {cdma},
  keywords =     {},
}

@INPROCEEDINGS{Rovatti2000,
  AUTHOR =       {Rovatti,R. and Mazzini,G. and Setti,G.},
  TITLE =        {Non-average performance of chaos-based DS-CDMA:
   a tensor approach to analytical any-order correlation of spreading sequences},
  BOOKTITLE =    {Proceedings of ISCAS'00},
  YEAR =         {2000},
  editor =       {},
  volume =       {},
  number =       {},
  series =       {},
  pages =        {IV-481-484},
  address =      {},
  month =        {},
  organization = {IEEE Circuits and Systems Society},
  publisher =    {},
  note =         {},
  abstract =     {cdma},
  keywords =     {},
}

@INPROCEEDINGS{Mazzini1998,
  AUTHOR =       {Mazzini,G. and Rovatti,R. and Setti,G. },
  TITLE =        {Sequence synchronization in chaos-based DS-CDMA systems},
  BOOKTITLE =    {Proceedings of ISCAS'98},
  YEAR =         {1998},
  editor =       {},
  volume =       {},
  number =       {},
  series =       {},
  pages =        {IV-485-488},
  address =      {},
  month =        {},
  organization = {IEEE Circuits and Systems Society},
  publisher =    {},
  note =         {},
  abstract =     {cdma},
  keywords =     {},
}

@INPROCEEDINGS{Setti2000,
  AUTHOR =       {Setti,G. and Balestra,M. and Rovatti,R.},
  TITLE =        {Experimental verification of enhanced electromagnetic compatibility in chaotic FM clock signals},
  BOOKTITLE =    {Proceedings of ISCAS'00},
  YEAR =         {2000},
  editor =       {},
  volume =       {},
  number =       {},
  series =       {},
  pages =        {III-229-232},
  address =      {},
  month =        {},
  organization = {IEEE Circuits and Systems Society},
  publisher =    {},
  note =         {},
  abstract =     {emi},
  keywords =     {},
}

@ARTICLE{Benedetto2002,
  AUTHOR =       {Benedetto,D. and Caglioti,E. and Loreto,V. },
  TITLE =        {Language Trees and Zipping},
  JOURNAL =      {Physical Review Letters},
  YEAR =         {2002},
  volume =       {88},
  number =       {4},
  pages =        {048702/1-4},
  month =        {Enero},
  note =         {},
  abstract =     {},
  keywords =     {zip},
  source =       {},
  }

@ARTICLE{Baronchelli2005,
  AUTHOR =       {Baronchelli,A. and Caglioti,E. and Loreto,V.},
  TITLE =        {Measuring complexity with zippers},
  JOURNAL =      {European Journal of Physics},
  YEAR =         {2005},
  volume =       {26},
  number =       {},
  pages =        {S69-S77},
  month =        {},
  note =         {},
  abstract =     {},
  keywords =     {zip},
  source =       {},
  }



@ARTICLE{Mazzini1997b,
  AUTHOR =       {Mazzini,G.},
  TITLE =        {DS-CDMA systems using q-level m sequences: coding map theory},
  JOURNAL =      {IEEE Transactions on Communications},
  YEAR =         {1997},
  volume =       {45},
  number =       {10},
  pages =        {1304-1313},
  month =        {Octubre},
  note =         {},
  abstract =     {},
  keywords =     {cdma},
  source =       {},
  }

@ARTICLE{Rovatti2002,
  AUTHOR =       {Rovatti,R. and Mazzini,G. and Setti,G. },
  TITLE =        {Shannon capacities of chaos-based and conventional asynchronous DS-CDMA systems over AWGN channels},
  JOURNAL =      {Electronics Letters},
  YEAR =         {2002},
  volume =       {38},
  number =       {10},
  pages =        {478-479},
  month =        {Mayo},
  note =         {},
  abstract =     {},
  keywords =     {cuantificadores CDMA},
  source =       {},
  }
@ARTICLE{Rovatti1998,
  AUTHOR =       {Rovatti,R. and Mazzini,G.},
  TITLE =        {Interference in DS-CDMA systems with exponentially vanishing autocorrelations:chaos-based spreading is optimal},
  JOURNAL =      {Electronics Letters},
  YEAR =         {1998},
  volume =       {34},
  number =       {20},
  pages =        {1911-1912},
  month =        {October},
  note =         {},
  abstract =     {},
  keywords =     {cdma},
  source =       {},
  }
@ARTICLE{Mazzini1999,
  AUTHOR =       {Mazzini,G. and Rovatti,R. and Setti,G.},
  TITLE =        {Interference minimization by autocorrelation shaping in asynchronous DS-CDMA systems:
   chaos-based spreading is nearly optimal},
  JOURNAL =      {Electronics Letters},
  YEAR =         {1999},
  volume =       {35},
  number =       {13},
  pages =        {1054-1055},
  month =        {Diciembre},
  note =         {},
  abstract =     {},
  keywords =     {cdma, emi},
  source =       {},
  }

@ARTICLE{Mazzini2002,
  AUTHOR =       {Mazzini,G. and Rovatti,R. and Setti,G. },
  TITLE =        {Capacity of chaos-based asynchronous DS-CDMA systems with exponentially vanishing autocorrelations},
  JOURNAL =      {Electronics Letters},
  YEAR =         {2002},
  volume =       {35},
  number =       {25},
  pages =        {1717-1718},
  month =        {Diciembre},
  note =         {},
  abstract =     {},
  keywords =     {cdma},
  source =       {},
  }
@ARTICLE{Callegari2003A,
  AUTHOR =       {Callegari,S. and Rovatti,R. and Setti,G. },
  TITLE =        {Chaos-based FM ignals: application and implementation issues},
  JOURNAL =      {IEEE Transactions on Circuits and Systems I: Fundamental Theory and Applications},
  YEAR =         {2003},
  volume =       {50},
  number =       {8},
  pages =        {1141-1147},
  month =        {Agosto},
  note =         {},
  abstract =     {},
  keywords =     {cdma, emi},
  source =       {},
  }
@ARTICLE{Callegari2002A,
  AUTHOR =       {Callegari,S. and Rovatti,R. and Setti,G. },
  TITLE =        {Chaotic modulations can outperform random ones in electromagnetic interference reduction tasks},
  JOURNAL =      {Electronics Letters},
  YEAR =         {2002},
  volume =       {38},
  number =       {12},
  pages =        {543-544},
  month =        {Junio},
  note =         {},
  abstract =     {},
  keywords =     {cdma},
  source =       {},
}
@ARTICLE{Callegari2001,
  AUTHOR =       {Callegari,S. and Rovatti,R. and Setti,G.},
  TITLE =        {Enhanced rake receivers for chaos-based DS-CDMA},
  JOURNAL =      {IEEE Transactions on Circuits and Systems I: Fundamental Theory and Applications},
  YEAR =         {2001},
  volume =       {48},
  number =       {7},
  pages =        {818-829},
  month =        {Julio},
  note =         {},
  abstract =     {},
  keywords =     {cdma},
  source =       {},
  }
@ARTICLE{Rovatti2000,
  AUTHOR =       { Rovatti,R. and Mazzini,G. and Setti,G. },
  TITLE =        {Interference bounds for DS-CDMA systems based on chaotic piecewise-affine Markov maps},
  JOURNAL =      {IEEE Transactions on Circuits and Systems I: Fundamental Theory and Applications},
  YEAR =         {2000},
  volume =       {47},
  number =       {6},
  pages =        {885-895},
  month =        {Junio},
  note =         {},
  abstract =     {},
  keywords =     {cdma},
  source =       {},
  }

@ARTICLE{Rovatti2004a,
  AUTHOR =       { Rovatti,R. and Mazzini,G. and Setti,G. },
  TITLE =        {On the ultimate limits of chaos-based asynchronous DS-CDMA- I: Basic Definitions and Results},
  JOURNAL =      {IEEE Transactions on Circuits and Systems I: Fundamental Theory and Applications},
  YEAR =         {2004},
  volume =       {51},
  number =       {7},
  pages =        {1336-1347},
  month =        {Julio},
  note =         {},
  abstract =     {},
  keywords =     {cdma},
  source =       {},
  }
  }
@ARTICLE{Rovatti2004b,
  AUTHOR =       { Rovatti,R. and Mazzini,G. and Setti,G. },
  TITLE =        {On the ultimate limits of chaos-based asynchronous DS-CDMA-II: Analytical results and asymptotics},
  JOURNAL =      {IEEE Transactions on Circuits and Systems I: Fundamental Theory and Applications},
  YEAR =         {2004},
  volume =       {51},
  number =       {7},
  pages =        {1348-1364},
  month =        {Julio},
  note =         {},
  abstract =     {},
  keywords =     {cdma},
  source =       {},
  }

@INPROCEEDINGS{Mazzini2001b,
  AUTHOR =       {Mazzini,G. and Rovatti,R. and Setti,G. },
  TITLE =        {Improved performance estimation and optimization for chaos-based asynchronous DS-CDMA systems},
  BOOKTITLE =    {Proceedings of ISCAS'01},
  YEAR =         {2001},
  editor =       {IEEE Circuits and Systems Society},
  volume =       {},
  number =       {},
  series =       {},
  pages =        {III-217-220},
  address =      {},
  month =        {},
  organization = {},
  publisher =    {},
  note =         {},
  abstract =     {},
  keywords =     {cdma},
}


@ARTICLE{Mazzini2001,
  AUTHOR =       {Mazzini,G. and Rovatti,R. and Setti,G. },
  TITLE =        {Chaos-based asynchronous DS-CDMA systems and enhanced rake receivers: measuring the improvements},
  JOURNAL =      {IDDD Transactions on Circuits and Systemss I: Fundamental Theory and Applications},
  YEAR =         {2001},
  volume =       {48},
  number =       {13},
  pages =        {1445-1453},
  month =        {Diciembre},
  note =         {},
  abstract =     {},
  keywords =     {cdma},
  source =       {},
} @ARTICLE{Mazzini1997c,
  AUTHOR =       {Mazzini,G. and Setti,G. and Rovatti,R. },
  TITLE =        {Chaotic complex spreading sequences for asynchronous DS-CDMA -
  Part I: System Modeling and Results},
  JOURNAL =      {IEEE Transactions on Circuits and Systems I: Fundamental Theory and Applications},
  YEAR =         {1997},
  volume =       {44},
  number =       {10},
  pages =        {937-947},
  month =        {},
  note =         {},
  abstract =     {},
  keywords =     {cdma},
  source =       {},
}

@ARTICLE{Bollt2000,
  AUTHOR =       {Bollt,E. M. },
  TITLE =        {Controlling chaos and the inverse Frobenius-Perron problem: global statilization of
  arbitrary invariant measures},
  JOURNAL =      {International Journal of bifurcation and Chaos},
  YEAR =         {2000},
  volume =       {10},
  number =       {5},
  pages =        {1033-1050},
  month =        {},
  note =         {},
  abstract =     {},
  keywords =     {IFPP},
  source =       {},
} @ARTICLE{Rovatti2000,
  AUTHOR =       {Rovatti,R. and Mazzini,G. and Setti,G. },
  TITLE =        {A tensor approach to higher order expectations of chaotic trajectories-
  Part I: General Theory and specialization to Piecewise Affine Markov Systems},
  JOURNAL =      {IEEE Transactions on Circuits and Systems I: Fundamental Theory and Applications},
  YEAR =         {2000},
  volume =       {47},
  number =       {11},
  pages =        {1571-1583},
  month =        {},
  note =         {},
  abstract =     {},
  keywords =     {cdma},
  source =       {},
}

@ARTICLE{Mazzini2000,
  AUTHOR =       {Mazzini,G. and Rovatti,R. and Setti,G. },
  TITLE =        {A tensor approach to higher order expectations of chaotic trajectories-
  Part II: Application to Chaos.Based DS-CDMA in multipath environments},
  JOURNAL =      {IEEE Transactions on Circuits and Systems I: Fundamental Theory and Applications},
  YEAR =         {2000},
  volume =       {47},
  number =       {11},
  pages =        {1584-1595},
  month =        {},
  note =         {},
  abstract =     {},
  keywords =     {cdma},
  source =       {},
}



@ARTICLE{Rosso2006,
  AUTHOR =       {Rosso,O. A. and Martin,M. T. and Figliola,A. and Keller,K. and Plastino,A. },
  TITLE =        {Wavelet-based informational tools: application to electroencephalogram record analysis},
  JOURNAL =      {Journal on Neuroscience Methods},
  YEAR =         {2006},
  volume =       {153},
  number =       {},
  pages =        {163-182},
  month =        {},
  note =         {},
  abstract =     {},
  keywords =     {complejidad de waveletes aplicada a electroencefalogramas},
  source =       {},
}

@ARTICLE{Ozluturk1995,
  AUTHOR =       {Ozluturk,F. M. and Tantaratana,S. and Lam,A. W. },
  TITLE =        {Performances of DS/SSMA communications with MPSK signaling and complex signature sequences},
  JOURNAL =      {IEEE Transactions on Communications},
  YEAR =         {1995},
  volume =       {43},
  number =       {2, 3 ,4},
  pages =        {1127-1133},
  month =        {march},
  note =         {},
  abstract =     {},
  keywords =     {muestra que las secuencias complejas funcionan mejor que las secuencias binarias},
  source =       {},
}

@INPROCEEDINGS{Kinen1992,
  AUTHOR =       {K\ddot{a}rkk\ddot{a}inen,K. H. A.},
  TITLE =        {Mean-square cross.correlation as a performance measure for spreading code families},
  BOOKTITLE =    {Proceedings of ISSSTA'92},
  YEAR =         {1992},
  editor =       {IEEE Communications Society},
  volume =       {1},
  number =       {},
  series =       {},
  pages =        {7-1,7-4},
  address =      {},
  month =        {},
  organization = {},
  publisher =    {},
  note =         {},
  abstract =     {},
  keywords =     {CDMA asincr\'onico el valor cuadr\'atico medio de la correlaci\'on
  cruzada como \'indice de calidad. Es probable que tenga que ver con el zipping},
}

@ARTICLE{Oppermann1997,
  AUTHOR =       {Oppermann,I. and Vucatic,B. S. },
  TITLE =        {Complex pseudo random spreading sequences with a wide range of correlation properties},
  JOURNAL =      {IEEE Transactions on Communications},
  YEAR =         {1997},
  volume =       {45},
  number =       {3},
  pages =        {365-375},
  month =        {march},
  note =         {},
  abstract =     {},
  keywords =     {secuencias PN en variable compleja},
  source =       {},
}



@INPROCEEDINGS{Callegari1997,
  AUTHOR =       {Callegari,S. and Setti,G. and Langlois,P. J.},
  TITLE =        {A CMOS tailed tent map for the generation of uniformly distributed chaotic sequences},
  BOOKTITLE =    {Proceedings of ISCAS'97},
  YEAR =         {2003},
  editor =       {IEEE Cyrcuits and Systems Society},
  volume =       {1},
  number =       {},
  series =       {},
  pages =        {781-784},
  address =      {},
  month =        {},
  organization = {IEEE},
  publisher =    {},
  note =         {},
  abstract =     {},
  keywords =     {generador integrado mapa tent},
}

@INPROCEEDINGS{Santi2003,
  AUTHOR =       {Santi,S. and Rovatti,R. and Setti,G. },
  TITLE =        {Advanced chaos-based frequency modulations for clock signals EMC tuning},
  BOOKTITLE =    {Proceedings of ISCAS'03},
  YEAR =         {2003},
  editor =       {IEEE Cyrcuits and Systems Society},
  volume =       {3},
  number =       {},
  series =       {},
  pages =        {116-119},
  address =      {},
  month =        {},
  organization = {IEEE},
  publisher =    {},
  note =         {},
  abstract =     {},
  keywords =     {modulacion fm EMI},
}

@ARTICLE{Carrica2007,
  AUTHOR =       {Carrica,D. O. and Petrocelli,R. and Benedetti,M. and Funes,M. A. },
  TITLE =        {Acquisition of low-frequency signals immersed in noise by random sampling and finite impulse response filters},
  JOURNAL =      {Review of Scientific Instruments},
  YEAR =         {2007},
  volume =       {78},
  number =       {},
  pages =        {044702/1-8},
  month =        {},
  note =         {},
  abstract =     {},
  keywords =     {filtro FIR con muestreo aleatorio JRS},
  source =       {},
}


@ARTICLE{Welch1984,
  AUTHOR =       {Welch,T. A. },
  TITLE =        {A technique for high-performance data compression},
  JOURNAL =      {Computer},
  YEAR =         {1984},
  volume =       {},
  number =       {},
  pages =        {8-19},
  month =        {junio},
  note =         {},
  abstract =     {},
  keywords =     {zip},
  source =       {},
}


@ARTICLE{Ziv1977,
  AUTHOR =       {Ziv,J. and Lempel,A. },
  TITLE =        {A universal algorithm of sequential data compression},
  JOURNAL =      {IEEE Transactions on Information Theory},
  YEAR =         {1977},
  volume =       {IT23},
  number =       {3},
  pages =        {337-343},
  month =        {},
  note =         {},
  abstract =     {},
  keywords =     {zip},
  source =       {},
} @ARTICLE{Keller1984,
  AUTHOR =       {Keller,G. },
  TITLE =        {On the rate of convergence to equilibrium in one-dimensional systems},
  JOURNAL =      {Communications in Mathematical Physics},
  YEAR =         {1984},
  volume =       {96},
  number =       {},
  pages =        {181-193},
  month =        {},
  note =         {},
  abstract =     {},
  keywords =     {perron, rmix},
  source =       {},
}

@ARTICLE{Dellnitz2000,
  AUTHOR =       {Dellnitz,M. and Froyland,G. and Sertl,S. },
  TITLE =        {On the isolated spectrum of the Perron-Frobenius operator},
  JOURNAL =      {Nonlinearity},
  YEAR =         {2000},
  volume =       {13},
  number =       {},
  pages =        {1171-1188},
  month =        {},
  note =         {},
  abstract =     {},
  keywords =     {perron, espectro},
  source =       {},
}

@ARTICLE{Beutler1970,
  AUTHOR =       {Beutler, F. J.},
  TITLE =        {Alias-Free Randomly Timed Sampling of Stochastic Processes},
  JOURNAL =      {IEEE Trans. Information Theory},
  YEAR =         {1970},
  volume =       {16},
  number =       {1},
  pages =        {147-152},
  month =        {Marzo},
 }

@book{Bilinskis1992,
 author = {Ivars Bilinskis, Mikelson,A. K. },
 title = {Randomized Signal Processing},
 year = {1992},
 isbn = {0137510748},
 publisher = {Prentice-Hall, Inc.},
 address = {Upper Saddle River, NJ, USA},
 }




@ARTICLE{Tarczynski2001,
  AUTHOR =       {Tarczynski, A.},
  TITLE =        {FIR Filters for Systems With Input Clock Jitter},
  JOURNAL =      {IEEE International Symposium on Circuits and Systems, ISCAS 2001},
  YEAR =         {2001},
  volume =       {2},
  number =       {1},
  pages =        {617-620},
  month =        {Mayo},
}

@ARTICLE{Mirri1998,
  AUTHOR =       {Mirri, D. and Iuculano, G. and Pasini, F. and Filicori},
  TITLE =        {The effect of time-jitter in equispaced sampling wattmeters},
  JOURNAL =      {IEEE Trans. Instrum. Meas.},
  YEAR =         {1998},
  volume =       {47},
  number =       {1},
  pages =        {720-727},
}

@ARTICLE{Dadalt2002,
  AUTHOR =       {Da Dalt,  N. and  Harteneck,M. and Sandner,C. and  Wiesbauer,A.},
  TITLE =        {On the jitter requirements of the sampling clock for analog-to-digital converters},
  JOURNAL =      {IEEE Trans. Circuits Syst. I},
  YEAR =         {2002},
  volume =       {49},
  number =       {9},
  pages =        {1354-1360},
  month =        {Septiembre},
}



@ARTICLE{Callegari2002B,
  AUTHOR =       {Callegari,S. and  Rovatti,R. and Setti,G. },
  TITLE =        {Spectral Properties of Chaos-Based FM Signals: theory and simulation results},
  JOURNAL =      {Proceedings of the IEEE},
  YEAR =         {2002},
  volume =       {50},
  number =       {1},
  pages =        {3-15},
  month =        {Enero},
}

@book{Papoulis1991,
    abstract = {{This text is a classic in probability, statistics, and estimation and in the application of these fields to modern engineering problems. <I>Probability, Random Variables, and Stochastic Processes</I> assumes a strong college mathematics background. The first half of the text develops the basic machinery of probability and statistics from first principles while the second half develops applications of the basic theory. Topics in the first section include probability distributions and densities, random variables and vectors, expectations, covariance, correlations, functions of random variables and vectors, and conditional distributions and densities. In this third edition of the text, the second half of the book has been substantially updated and expanded to include new or revised discussions of the following topics: mean square estimation, likelihood tests, maximum entropy methods, Monte Carlo techniques, spectral representations and estimation, sampling theory, bispectra and system identification, cyclostationary processes, deterministic signals in noise, and the Wiener and Kalman filters. <I>Probability, Random Variables, and Stochastic Processes</I> covers a remarkable density of material and the clarity of both presentation and notation make this book invaluable as a text and a reference.} {The Third Edition emphasizes a concentrated revision of Parts II \& III (leaving Part I virtually intact). The later sections show greater elaboration of the basic concepts of stochastic processes, typical sequences of random variables, and a greater emphasis on realistic methods of spectral estimation and analysis. There are problems, exercises, and applications throughout. Aimed at senior/graduate students in electrical engineering, math, and physics departments.}},
    author = {Papoulis,A.  },
    citeulike-article-id = {2180653},
    howpublished = {Hardcover},
    isbn = {0070484775},
    keywords = {basics, diffusion, process, random},
    month = {February},
    posted-at = {2007-12-29 22:48:05},
    priority = {2},
   edition =      {Third Edition},
    publisher = {{McGraw-Hill Companies}},
    title = {Probability, Random Variables and Stochastic Processes},
     year = {1991}

}



@ARTICLE{Larrondo2006,
  AUTHOR =       {Larrondo,H. A. and Martin,M. T. and Gonz\'{a}lez,C.M. and Plastino,A. and Rosso,O. A.},
  TITLE =        {Random number generators and causality},
  JOURNAL =      {Phys. Lett. A},
  YEAR =         {2006},
  volume =       {352},
  number =       {(4- 5)},
  pages =        {421-425 },
  month =        {Abril},
  note =         {},
  abstract =     {},
  keywords =     {},
  source =       {}
}




@ARTICLE{Hidalgo2001,
  AUTHOR =       {Hidalgo,R. M. and Fernández,J. G. and Rivera,R. R. and Larrondo,H. A. },
  TITLE =        {Versatile DSP-based chaotic communication system},
  JOURNAL =      {Electronic Letters},
  YEAR =         {2001},
  volume =       {37},
  number =       {},
  pages =        {1204-1205},
  month =        {},
  note =         {},
  abstract =     {},
  keywords =     {},
  source =       {},
}

@ARTICLE{Fernandez2005,
  AUTHOR =       {Fernández,J.G. and Larrondo,H. A. and Slavin,H. A. and Levin,D. G. and Hidalgo,R. M. and  Rivera,R. R.},
  TITLE =        {Masking properties of APD communication systems},
  JOURNAL =      {Physica A},
  YEAR =         {2005},
  volume =       {354},
  number =       {},
  pages =        {281-300},
  month =        {},
  note =         {},
  abstract =     {},
  keywords =     {},
  source =       {},
}

@ARTICLE{Callegari2003B,
  AUTHOR =       {Callegari,S. and Rovatti,R. and Setti,G. },
  TITLE =        {Spectral Properties of Chaos-Based FM Signals: theory and simulation results},
  JOURNAL =      {IEEE Trans. Circuits Sys. I},
  YEAR =         {2003},
  volume =       {50},
  number =       {1},
  pages =        {3-15},
  month =        {},
  note =         {},
  abstract =     {},
  keywords =     {},
  source =       {},
}



@ARTICLE{DeMicco2008,
  AUTHOR =       {De Micco,L. and Gonz\'alez,C. M. and Larrondo,H. A. and Martin,M. T. and Plastino,A. and Rosso,O. A. },
  TITLE =        {Randomizing nonlinear maps via symbolic dynamics},
  JOURNAL =      {Physica A},
  YEAR =         {2008},
  volume =       {387},
  number =       {},
  pages =        {3373-3383},
  month =        {},
  note =         {},
  abstract =     {},
  keywords =     {},
  source =       {},
}


@ARTICLE{DeMicco2007A,
  AUTHOR =       {De Micco,L. and Petrocelli,R. A. and Larrondo,H. A. },
  TITLE =        {Constant Envelope Wideband Signals using Arbitrary Chaotic Maps},
  JOURNAL =      {Proceedings of XII RPIC},
  YEAR =         {2007},
  volume =       {},
  number =       {},
  pages =        {},
  month =        {},
  note =         {},
  abstract =     {},
  keywords =     {},
  source =       {},
}



@ARTICLE{DeMicco2007B,
  AUTHOR =       { De Micco,L. and Arizmendi,C. M.  and Larrondo,H. A. },
  TITLE =        {Zipping characterization of chaotic sequences used in spread spectrum communication systems},
  JOURNAL =      {Institute of Physics Conference Proceedings 913},
  YEAR =         {2007},
  volume =       {},
  number =       {},
  pages =        {139-144},
  month =        {},
  note =         {},
  abstract =     {},
  keywords =     {},
  source =       {},
}

@ARTICLE{DeMicco2007C,
  AUTHOR =       { De Micco,L. and Petrocelli,R. A. and Carrica,D. O. and Larrondo,H. A. },
  TITLE =        {Muestreo caótico para la adquisición de señales de baja frecuencia con ruido de alta frecuencia},
  JOURNAL =      {Proceedings de la XII Reunión de Trabajo en Procesamiento de la Información y Control},
  YEAR =         {2007},
  volume =       {},
  number =       {},
  pages =        {},
  note =         {},
  abstract =     {},
  keywords =     {},
  source =       {},
}

@ARTICLE{DeMicco2007D,
  AUTHOR =       {De Micco,L. and Petrocelli,R. A. and Larrondo,H. A. },
  TITLE =        {Constant Envelope Wideband Signals using Arbitrary Chaotic Maps},
  JOURNAL =      {Proceedings de la XII Reunión de Trabajo en Procesamiento de la Información y Control},
  YEAR =         {2007},
  volume =       {},
  number =       {},
  pages =        {},
  month =        {},
  note =         {},
  abstract =     {},
  keywords =     {},
  source =       {},
} @ARTICLE{Zabaleta2008,
  AUTHOR =       {Zabaleta,O. G. and De Micco,L. and González,C. M. and Arizmendi,C. M. and Larrondo,H. A. },
  TITLE =        {Stochatic colored noise generator in FPGA},
  JOURNAL =      {Proceedings of Designer's Forum. IV Southern Programmable Logic Conference},
  YEAR =         {2008},
  volume =       {},
  number =       {},
  pages =        {},
  month =        {},
  note =         {},
  abstract =     {},
  keywords =     {},
  source =       {},
}


@ARTICLE{Petrocelli2007,
  AUTHOR =       {Petrocelli,R. A. and De Micco,L. and Carrica,D. O. and Larrondo,H. A. },
  TITLE =        {Acquisition of Low Frequency Signals Immersed in Noise by Chaotic Sampling and FIR filters},
  JOURNAL =      {Proceedings of WISP2007 (IEEE proceedings ISBN 1-4244-0830-X)},
  YEAR =         {2007},
  volume =       {},
  number =       {},
  pages =        {351-356},
  month =        {},
  note =         {},
  abstract =     {},
  keywords =     {},
  source =       {},
}



@ARTICLE{Setti2002,
  AUTHOR =       {Setti,G. and Mazzini,G. and Rovatti,R. and Callegari,S. },
  TITLE =        {Statistical Modeling of Discrete-Time chaotic processes: Basic Finite-Dimensional Tools and Applications},
  JOURNAL =      {Proceedings of the IEEE},
  YEAR =         {2002},
  volume =       {90},
  number =       {5},
  pages =        {662-689},
  month =        {Mayo},
}


@ARTICLE{Arizmendi2001,
  AUTHOR =       {Arizmendi,C. M. and Family,F. and Salas-Brito,A. },
  TITLE =        {Quenched disorder effects on deterministic inertia ratchets},
  JOURNAL =      {Phys. Rev. E },
  YEAR =         {2001},
  volume =       {63},
  number =       {},
  pages =        {0611041-5},
  month =        {},
  note =         {},
  abstract =     {},
  keywords =     {},
  source =       {},
}


@ARTICLE{Rosso2007,
  AUTHOR =       { Rosso,O. A. and Larrondo,H. A and Martin,M. T. and Plastino,A. and Fuentes,M. A. },
  TITLE =        {Distinguishing noise from chaos},
  JOURNAL =      {Physs. Rev. Lett., pp154102-154106},
  YEAR =         {2007},
  volume =       {99},
  number =       {},
  pages =        {},
  month =        {},
  note =         {},
  abstract =     {},
  keywords =     {},
  source =       {},
}

@INPROCEEDINGS{Gonzalez2004,
  AUTHOR =       {Gonz\'alez, C. M. and Larrondo, H. A. and Gayoso, C. A and Arnone, L. J.},
  TITLE =        {Secuencias Binarias Pseudo aleatorias generadas por un mapa ca\'otico 2D},
  BOOKTITLE =    {Proceedings del X Workshop de IBERCHIP},
  YEAR =         {2004},
  editor =       {},
  volume =       {},
  number =       {},
  series =       {},
  pages =        {},
  address =      {},
  month =        {},
  organization = {},
  publisher =    {},
  note =         {},
  abstract =     {},
  keywords =     {},
}

@INPROCEEDINGS{Gonzalez2003,
  AUTHOR =       {Gonz\'alez, C. M. and Larrondo, H. A. and Gayoso, C. A and Arnone, L. J.},
  TITLE =        {Generaci\'on de Secuencias Binarias Pseudo Aleatorias por Medio de un Mapa Ca\'otico 3D},
  BOOKTITLE =    {Proceedings del IX Workshop de IBERCHIP},
  YEAR =         {2003},
  editor =       {},
  volume =       {},
  number =       {},
  series =       {},
  pages =        {},
  address =      {},
  month =        {},
  organization = {},
  publisher =    {},
  note =         {},
  abstract =     {},
  keywords =     {},
}

@ARTICLE{LopezBuedo2000,
  AUTHOR =       {Lopez-Buedo,S. and Garrido,J. and Boemo,E.},
  TITLE =        {Thermal Testing on Reconfigurable Computers},
  JOURNAL =      {IEEE Design and Test of Computers},
  YEAR =         {2000},
  volume =       {},
  number =       {},
  pages =        {84-90},
  month =        {},
  note =         {},
  abstract =     {},
  keywords =     {},
  source =       {},
}
@INPROCEEDINGS{Boemo2003,
  AUTHOR =       {Boemo,E. and Sutter,G.},
  TITLE =        {Permutaci\'on de los Datos de Entrada como Estrategia de Dise\~no de Bajo Consumo: Algunos Ejemplos en FPGAs},
  BOOKTITLE =    {Computación Reconfigurable y FPGAs},
  YEAR =         {2003},
  editor =       {},
  volume =       {},
  number =       {},
  series =       {},
  pages =        {},
  address =      {},
  month =        {},
  organization = {},
  publisher =    {},
  note =         {},
  abstract =     {},
  keywords =     {},
}

@ARTICLE{Todorovich2002,
  AUTHOR =       { Todorovich,E. and Gilabert,M. and Sutter,G. and Lopez-Buedo,S. and Boemo,E. },
  TITLE =        {A Tool for Activity Estimation in FPGAs},
  JOURNAL =      {Lecture Notes in Computer Science},
  YEAR =         {2002},
  volume =       {2438},
  number =       {},
  pages =        {340-349},
  month =        {},
  note =         {},
  abstract =     {},
  keywords =     {},
  source =       {},
}

@ARTICLE{Hidalgo2002,
  AUTHOR =       {Hidalgo,R. M. and Fernandez,J. G. and Rivera,R. R. and Larrondo,H. A. },
  TITLE =        {A Simple Adjustable Window Algorithm to Improve FFT Measurements},
  JOURNAL =      {IEEE Transactions on instrumentation and measurement},
  YEAR =         {2002},
  volume =       {51},
  number =       {1},
  pages =        {31-36},
  month =        {},
  note =         {},
  abstract =     {},
  keywords =     {},
  source =       {},
}

@ARTICLE{Altera,
  AUTHOR =       {ALTERA},
  TITLE =        {ip-basesuite.html},
  JOURNAL =      {http://www.altera.com/products/ip/design/basesuite/ip-basesuite.html.},
  YEAR =         {2008},
  volume =       {},
  number =       {},
  pages =        {},
  month =        {},
  note =         {},
  abstract =     {},
  keywords =     {},
  source =       {},
}


@ARTICLE{Balakrishnan1962,
  AUTHOR =       {Balakrishnan, A.},
  TITLE =        {On the problem of time jitter in sampling},
  JOURNAL =      {IEEE Trans. Information Theory},
  YEAR =         {1962},
  volume =       {8},
  number =       {1},
  pages =        {226-236},
  month =        {Abril},
}

@ARTICLE{Bland1997,
  AUTHOR =       {Bland,D. and Tarczynski, A.},
  TITLE=        {The Effect of Sampling Jitter in a Digitized Signal},
  JOURNAL =    {IEEE International Symposium on Circuits and Systems ISCAS97},
  YEAR=         {1997},
  volume =       {4},
  pages  =       {2685-2688},
  address =      {},
  month =        {},
}

@ARTICLE{Gonzalez2005,
  AUTHOR =       {Gonz\'alez, C. M. and Larrondo, H. A. and Rosso, O. A. },
  TITLE =        {Statistical complexity measure of pseudorandom bit generators},
  JOURNAL =      {Physica A},
  YEAR =         {2005},
  volume =       {354},
  pages =        {281-300},
  month =        {Agosto},
}

@ARTICLE{Marsaglia1995,
  AUTHOR =       {Marsaglia,G. },
  TITLE =        {The Marsaglia Random Number CDROM including the Diehard Battery of Tests of Randomness},
  JOURNAL =      {http://www.stat.fsu.edu/pub/diehard/},
  YEAR =         {1995},
  volume =       {},
  number =       {},
  pages =        {},
  month =        {},
  note =         {},
  abstract =     {},
  keywords =     {},
  source =       {},
}

@ARTICLE{Oppenheim1989,
  AUTHOR =       {Oppenheim,A. and Schafer,R. },
  TITLE =        {Discrete-Time Signal Processing},
  JOURNAL =      {Prentice-Hall, Englewood, Cliffs, NJ,},
  YEAR =         {1989},
  volume =       {},
  number =       {},
  pages =        {},
  month =        {},
  note =         {},
  abstract =     {},
  keywords =     {},
  source =       {},
}

@PHDTHESIS{Rogers2005,
  AUTHOR =       {Rogers, A. R. },
  TITLE =        {Synthesis and Applications of Chaotic Maps},
  SCHOOL =       {},
  YEAR =         {2005},
  type =         {},
  address =      {},
  month =        {},
  note =         {},
  abstract =     {},
  keywords =     {},
  source =       {http://www.eeng.nuim.ie/staff/arogers/.},
}


@ARTICLE{Shapiro1960,
  AUTHOR =       {Shapiro,H. S. and Silverman,R. A. },
  TITLE =        {Alias-Free Sampling of Random Noise},
  JOURNAL =      {SIAM J. Appl. Math.},
  YEAR =         {1960},
  volume =       {8},
  number =       {},
  pages =        {245-248},
  month =        {},
  note =         {},
  abstract =     {},
  keywords =     {},
  source =       {},
}

@Article{Anteneodo1996,
  title = {Some features of the López-Ruiz-Mancini-Calbet (LMC) statistical measure of complexity},
  author = {Anteneodob,C. and Plastino,A. R. },
  journal = {Phys. Lett. A},
  volume = {223},
  number = {5},
  pages = {348-354},
  numpages = {},
  year = {1996},
  month = {Diciembre},
  }

@Article{Pecora1990,
  title = {Synchronization in chaotic systems},
  author = {Pecora, M. and Carroll, L. and Thomas,L. },
  journal = {Phys. Rev. Lett.},
  volume = {64},
  number = {8},
  pages = {821-824},
  numpages = {3},
  year = {1990},
  month = {Febrero},
  doi = {10.1103/PhysRevLett.64.821},
  publisher = {American Physical Society}
}
